<?xml version="1.0" encoding="UTF-8"?><collection xmlns="http://www.loc.gov/MARC21/slim"><record><leader>00360nam--2200133-i-4500</leader><controlfield tag="001">000023162</controlfield><controlfield tag="002">20161230</controlfield><controlfield tag="005">20161230201034</controlfield><controlfield tag="008">060222s1000------------r-----000-0-eng-d</controlfield><datafield ind1=" " ind2=" " tag="080"><subfield code="a">541.183.12:661.183.12:547</subfield></datafield><datafield ind1=" " ind2=" " tag="245"><subfield code="a">Ions and ion pairs in organic reactions</subfield></datafield><datafield ind1=" " ind2=" " tag="260"><subfield code="a">New York,Wiley-interscience, 1972. Ix+399p</subfield></datafield><datafield ind1=" " ind2=" " tag="700"><subfield code="a">Szwarc, Michael</subfield></datafield><datafield ind1=" " ind2=" " tag="852"><subfield code="a">37131</subfield></datafield></record></collection>